@ARTICLE{Hall2009,
    AUTHOR="Mark Hall, Eibe Frank, Geoffrey Holmes, Bernhard Pfahringer, Peter Reutemann, Ian H. Witten",
    TITLE="The WEKA Data Mining Software; An Update",
    JOURNAL="SIGKDD Explorations",
    VOLUME= "11",
    ISSUE = "1",
    YEAR=2009
}
@Misc{Hall2009,
    AUTHOR="",
    TITLE="Pokemon FireRed",
    YEAR=2004
}
