@ARTICLE{Hall2009,
    AUTHOR="Mark Hall, Eibe Frank, Geoffrey Holmes, Bernhard Pfahringer, Peter Reutemann, Ian H. Witten",
    TITLE="The WEKA Data Mining Software; An Update",
    JOURNAL="SIGKDD Explorations",
    VOLUME= "11",
    ISSUE = "1",
    YEAR=2009
}
@Misc{firered,
    AUTHOR="Nintendo",
    TITLE="Pokemon FireRed",
    URL="http://strategywiki.org/wiki/Pok%C3%A9mon_FireRed_and_LeafGreen/Pallet_Town},
    YEAR=2004
}
